@inproceedings{botorch,
    title = {{BoTorch: A Framework for Efficient Monte-Carlo Bayesian Optimization}},
    author = {Balandat, Maximilian and Karrer, Brian and Jiang, Daniel R. and Daulton, Samuel and Letham, Benjamin and Wilson, Andrew Gordon and Bakshy, Eytan},
    booktitle = {Advances in Neural Information Processing Systems 33},
    year = 2020,
    url = {https://proceedings.neurips.cc/paper/2020/hash/f5b1b89d98b7286673128a5fb112cb9a-Abstract.html}
}

@article{emnist,
  title={EMNIST: an extension of MNIST to handwritten letters},
  author={Cohen, Gregory and Afshar, Saeed and Tapson, Jonathan and van Schaik, Andr{\'e}},
  journal={arXiv preprint arXiv:1702.05373},
  year={2017}
}

@misc{BO,
author = {Federico Bergamin and Kristoffer H. Madsen},
title = {Lecture notes on Bayesian Optimization},
howpublished = {Available at \url{https://learn.inside.dtu.dk/} (2021/02/24)}
}

@misc{GP,
author = {Federico Bergamin and Kristoffer H. Madsen},
title = {Lecture notes on Gaussian Processes},
howpublished = {Available at \url{https://learn.inside.dtu.dk/} (2021/02/24)}
}

@book{Matern,
  address = {New York},
  author = {Stein, Michael L.},
  doi = {10.1007/978-1-4612-1494-6},
  isbn = {0-387-98629-4},
  keywords = {Gaussian processes, spatial statistics},
  publisher = {Springer-Verlag},
  series = {Springer Series in Statistics},
  title = {Interpolation of spatial data},
  url = {http://dx.doi.org/10.1007/978-1-4612-1494-6},
  year = 1999
}

@book{GPgods,
author = {Rasmussen, Carl Edward and Williams, Christopher K. I.},
title = {Gaussian Processes for Machine Learning (Adaptive Computation and Machine Learning)},
year = {2005},
isbn = {026218253X},
publisher = {The MIT Press}
}

@misc{Hamming,
      title={Combinatorial Bayesian Optimization using the Graph Cartesian Product}, 
      author={Changyong Oh and Jakub M. Tomczak and Efstratios Gavves and Max Welling},
      year={2019},
      eprint={1902.00448},
      archivePrefix={arXiv},
      primaryClass={stat.ML}
}

@misc{Alternative_kernels,
      title={Group kernels for Gaussian process metamodels with categorical inputs}, 
      author={Olivier Roustant and Esperan Padonou and Yves Deville and Aloïs Clément and Guillaume Perrin and Jean Giorla and Henry Wynn},
      year={2018},
      eprint={1802.02368},
      archivePrefix={arXiv},
      primaryClass={math.ST}
}

@incollection{PyTorch,
title = {PyTorch: An Imperative Style, High-Performance Deep Learning Library},
author = {Paszke, Adam and Gross, Sam and Massa, Francisco and Lerer, Adam and Bradbury, James and Chanan, Gregory and Killeen, Trevor and Lin, Zeming and Gimelshein, Natalia and Antiga, Luca and Desmaison, Alban and Kopf, Andreas and Yang, Edward and DeVito, Zachary and Raison, Martin and Tejani, Alykhan and Chilamkurthy, Sasank and Steiner, Benoit and Fang, Lu and Bai, Junjie and Chintala, Soumith},
booktitle = {Advances in Neural Information Processing Systems 32},
editor = {H. Wallach and H. Larochelle and A. Beygelzimer and F. d\textquotesingle Alch\'{e}-Buc and E. Fox and R. Garnett},
pages = {8024--8035},
year = {2019},
publisher = {Curran Associates, Inc.},
url = {http://papers.neurips.cc/paper/9015-pytorch-an-imperative-style-high-performance-deep-learning-library.pdf}
}