@BOOK{
    DUMMY:1,
    AUTHOR="John Doe",
    TITLE="First Book Title",
    PUBLISHER="Unknown Publisher",
    YEAR="2020"
}

@BOOK{
    DUMMY:2,
    AUTHOR="Jane Doe",
    TITLE="Better Book than that Other Guy",
    PUBLISHER="Unknown Publisher",
    YEAR="2021"
}